@article{Soderlind06,
	author = {S\"{o}derlind, Gustaf and Wang, Lina},
	title = {Adaptive Time-stepping and Computational Stability},
	journal = {Journal of Computational and Applied Mathematics},
	issue_date = {15 January 2006},
	volume = {185},
	number = {2},
	year = {2006},
	pages = {225--243}
} 

@inproceedings{Baraff98,
	author = {David Baraff and Andrew Witkin},
	title = {Large steps in cloth simulation},
	booktitle = {SIGGRAPH 98 Conference Proceedings},
	year = {1998},
	pages = {43--54}
}

@inproceedings{Bergou08,
	author = {Bergou, Mikl\'{o}s and Wardetzky, Max and Robinson, Stephen and Audoly, Basile and Grinspun, Eitan},
	title = {Discrete Elastic Rods},
	booktitle = {ACM SIGGRAPH 2008 Papers},
	series = {SIGGRAPH '08},
	year = {2008},
	pages = {63:1--63:12},
	articleno = {63}
} 

@inproceedings{Stronge06,
	author = "Stronge, Bill and Ashcroft, Andrew",
	title = "Large Deflections during Bounce of Inflated Balls",
	booktitle = "The Engineering of Sport 6",
	year = "2006",
	publisher = "Springer New York",
	pages = "109--114",
	isbn = "978-0-387-46051-2"
}

@article{Bao15,
	title = "Collision and rebound of ping pong balls on a rigid target",
	journal = {Materials \& Design},
	volume = "87",
	pages = "278 - 286",
	year = "2015",
	issn = "0264-1275",
	author = "R.H. Bao and T.X. Yu"
}
